@Article{Morrison_2019,
author={Morrison, Graham},
title={Gnome Internet Radio Locator},
url={http://www.linux-magazine.com/Issues/2019/222/FOSSPicks},
number={222 May 2019},
journal={Linux Magazine},
year={2019},
pages={1,5,80}
}
@Article{Ellis_2011,
author={Ellis, Daniel P.W.; Whitman, Brian; Porter, Alastair},
title={Echoprint - An open music identification service},
url={https://www.ee.columbia.edu/~dpwe/pubs/EllisWP11-echoprint.pdf},
year={2011}
}
@mastersthesis{Lund_2004,
author={Lund, Benedikte},
title={Topic Segmentation of Speech Through Automatic Speech Recognition},
url={https://folk.uio.no/idalu/paper.pdf},
year={2004}
}
@Book{Gomery_2008,
author={Gomery, Douglas},
title={A History of Broadcasting in the United States},
year={2008}
}
@Book{Watkinson_1998,
author={Watkinson, John},
title={The Art of Sound Reproduction},
year={1998}
}
@Book{Pohlmann_2000,
author={Pohlmann, Ken C.},
title={Principles of Digital Audio},
year={2000},
publisher={McGraw-Hill},
}
@Book{Doren_1971,
author={Van Doren, Charles; McHenry, Robert},
title={Webster's Guide To American History},
year={1971},
publisher={G. \& C. Merriam Company, Publishers}
}
@Book{Greenfield_1989,
author={Greenfield, Thomas Allen},
title={Radio - A Reference Guide},
year={1989},
publisher={Greenwood Press}
}
@Book{McCauley_2005,
author={McCauley, Michael P.},
title={NPR - The Trials and Triumphs of National Public Radio},
year={2005},
publisher={Columbia University Press, New York}
}
@Book{Powell_1988,
author={Powell, Jon T.; Gair, Wally},
title={Public Interest and the Business of Broadcasting},
year={1988},
publisher={Quorum Books}
}
@Book{Sterling_2002,
author={Sterling, Christopher H; Kittross, John Michael},
title={Stay Tuned},
year={2002},
publisher={Lawrence Erlbaum Associates, Publishers, Mahwah, New Jersey/London}
}
@Book{Krattenmaker_1994,
author={Krattenmaker, Thomas G.; Powe, Jr., Lucas A.},
title={Regulating Broadcast Programming},
year={1994},
publisher={The MIT Press, Cambridge, Massachusetts and The AEI Press, Washington, D.C.}
}
@Book{ONeill_2010,
author={O'Neill, Brian; Ala-Fossi, Marko; Jauert, Per; Lax, Stephen; Nyre, Lars and Shaw, Helen},
title={Digital Radio in Europe},
year={2010},
publisher={Intellect, The University of Chicago Press, 1427 E. 60th Street, Chicago, IL 60637, USA}
}
@Book{Caplow_1994,
author={Caplow, Theodore; Bahr, Howard M.; Modell, John; Chadwick, Bruce A.},
title={Recent Social Trends in the United States 1960-1990},
year={1991},
publisher={McGill-Queen's University Press, Montreal \& Kingston, London, Buffalo}
}
@Book{Walker_1992,
author={Walker, Andrew},
title={A Skyful of Freedom},
year={1992},
publisher={Broadside Books Limited, London}
}